@Book{Ross2012,
  Title =     {A First Course in Probability},
  Author =    {Sheldon M. Ross},
  Editor =    {Deirdre Lynch},
  Publisher = {Pearson},
  Year =      {2012},
  Edition =   {9},
}

@Book{Devore2012,
  Title =     {Probability and Statistics for Enginiering and the Sciences},
  Author =    {Jay Devore},
  Editor =    {Michelle Juliet},
  Publisher = {Richard Straton},
  Year =      {2012},
  Edition =   {8},
}
