@Book{Ross2012,
  Title =     {A First Course in Probability},
  Author =    {Sheldon M. Ross},
  Editor =    {Deirdre Lynch},
  Publisher = {Pearson},
  Year =      {2012},
  Edition =   {9},
  Owner =     {Onatta}
}

@Book{Devore2012,
  Title =     {Probability and Statistics for Enginiering and the Sciences},
  Author =    {Jay Devore},
  Editor =    {Michelle Juliet},
  Publisher = {Richard Straton},
  Year =      {2012},
  Edition =   {8},
  Owner =     {Onatta}
}

@BOOK{Gonzalez:ImagenesDigitales,
  title = {Digital Image Procesing.},
  publisher = {Prentice Hall},
  year = {2002},
  author = {Rafael C. Gonzalez and Richard E. Woods},
  edition = {2},
  language = {english}
}
